@ARTICLE{chen2010wld,
  author={Chen, Jie and Shan, Shiguang and He, Chu and Zhao, Guoying and Pietik√§inen, Matti and Chen, Xilin and Gao, Wen},
  journal={IEEE Transactions on Pattern Analysis and Machine Intelligence}, 
  title={WLD: A Robust Local Image Descriptor}, 
  year={2010},
  volume={32},
  number={9},
  pages={1705-1720},
  doi={10.1109/TPAMI.2009.155}}

@misc{isicarchiveISIC2020,
  author = {},
  title = {{T}he {I}{S}{I}{C} 2020 {C}hallenge {D}ataset --- challenge2020.isic-archive.com},
  howpublished = {\url{https://challenge2020.isic-archive.com/}},
  year = {},
  note = {[Accessed 31-Jan-2023]},
}
